@article{DBLP:journals/corr/abs-0711-2710,
  author    = {Bernhard Haeupler and
               Robert Endre Tarjan},
  title     = {Finding a Feasible Flow in a Strongly Connected Network},
  journal   = {CoRR},
  volume    = {abs/0711.2710},
  year      = {2007},
  ee        = {http://arxiv.org/abs/0711.2710},
  bibsource = {DBLP, http://dblp.uni-trier.de}
}